@MISC{stb-image,
	author = {Sean Barrett},
	title = {stb Image},
	url  = {https://github.com/nothings/stb}
}

@MISC{stb-image-write,
	author = {Sean Barrett},
	title = {stb Image Write},
	url  = {https://github.com/nothings/stb}
}

@MISC{tinyobjloader,
	author = {Syoyo Fujita},
	title = {Tiny Obj Loader},
	url  = {https://github.com/tinyobjloader/tinyobjloader}
}

@MISC{learn-open-gl,
	title = {Learn OpenGL},
	url  = {https://learnopengl.com/}
}

@MISC{halo-model,
	title = {Halo Model},
	url  = {https://sketchfab.com/3d-models/spartan-armour-mkv-halo-reach-57070b2fd9ff472c8988e76d8c5cbe66}
}


@MISC{bricks-model,
	title = {Bricks Model},
	url  = {https://sketchfab.com/3d-models/ziegelpfeiler-05ea628cfcea4cbe9837038ef49cd42a}
}