@MISC{stb-image,
	author = {Sean Barrett},
	title = {stb Image},
	url  = {https://github.com/nothings/stb}
}

@MISC{stb-image-write,
	author = {Sean Barrett},
	title = {stb Image Write},
	url  = {https://github.com/nothings/stb}
}

@MISC{tinyobjloader,
	author = {Syoyo Fujita},
	title = {Tiny Obj Loader},
	url  = {https://github.com/tinyobjloader/tinyobjloader}
}